% Encoding: UTF-8

@Article{AdaptiveBigaussian,
  author    = {Jian-Hua Zheng, Chong-Yang Hao ,Yang-Yu Fan and Xian-Yong Zang},
  title     = {Adaptive skin detection under unconstrained lightning conditions using a bigaussian model and illumination estimation},
  journal   = {Image Anal Stereol},
  year      = {2005},
  language  = {english},
  owner     = {yang},
  timestamp = {2016-05-30},
}

@Article{ColorBasedSkinDetection,
  author    = {Christian Liensberger, Julian St√∂ttinger, and Martin Kampel},
  title     = {Color-Based Skin Detection and its Application in Video Annotation},
  journal   = {Computer Vision Winter Workshop 2009, Adrian Ion and Walter G. Kropatsch},
  year      = {2009},
  language  = {english},
  owner     = {yang},
  timestamp = {2016-05-30},
}

@Article{FingertipDetection,
  author   = {Jagdish Lal Raheja, Karen Das and Ankit Chaudhary},
  title    = {Fingertip Detection: A Fast Method with Natural Hand},
  journal  = {International Journal of Embedded Systems and Computer Engineering},
  year     = {2011},
  volume   = {3},
  pages    = {85-88},
  month    = {07},
  language = {english},
}

@Comment{jabref-meta: databaseType:bibtex;}
