@Conference{Bainbridge1997,
  Title                    = {An extensible Optical Music Recognition system},
  Author                   = {David Bainbridge and Tim Bell},
  Booktitle                = {Nineteenth Australasian Computer Science Conference},
  Year                     = {1997},

  Language                 = {english},
  Owner                    = {qwad1000},
  Timestamp                = {2015.04.29},
  Url                      = {http://www.cs.waikato.ac.nz/~davidb/publications/acsc96/}
}

@Conference{Bainbridge1997a,
  Title                    = {Dealing With Superimposed Objects In Optical Music Recognition},
  Author                   = {David Bainbridge and Tim C Bell},
  Booktitle                = {Sixth International Conference On Image Processing And Its Applications},
  Year                     = {1997},

  Language                 = {english},
  Owner                    = {qwad1000},
  Timestamp                = {2015.04.29},
  Url                      = {http://www.cs.waikato.ac.nz/~davidb/publications/ipa97/}
}

@Book{Baird1992,
  Title                    = {Structured Document Image Analysis},
  Author                   = {H. Baird},
  Editor                   = {H. S. Bunke and K. Yamamoto},
  Publisher                = {Berlin Springer-Varlag},
  Year                     = {1992},

  Language                 = {english},
  Owner                    = {qwad1000},
  Pages                    = {754},
  Timestamp                = {2015.04.29}
}

@Article{Bullen2008,
  Title                    = {Bringing Sheet Music to Life: My Experiences with OMR},
  Author                   = {Andrew H. Bullen},
  Journal                  = {code4lib},
  Year                     = {2008},

  Month                    = {06},
  Volume                   = {3},

  Language                 = {english},
  Owner                    = {qwad1000},
  Timestamp                = {2015.04.29}
}

@Book{MohamedCheriet2007,
  Title                    = {Character recognition systems: a guide for students and practioners},
  Author                   = {Mohamed Cheriet and Nawwaf Kharma and Cheng-Lin Liu and Ching Y. Suen},
  Publisher                = {John Wiley \& Sons, Inc.},
  Year                     = {2007},

  ISBN                     = {978-0-471-41570-1},
  Language                 = {english},
  Owner                    = {qwad1000},
  Timestamp                = {2015.04.29}
}

@Conference{B.Coueasnon1995,
  Title                    = {Using logic programming languages for optical music recognition},
  Author                   = {B. Co\"{u}asnon and P. Brisset and I. Stephan},
  Booktitle                = {The Third International Conference on the Practical Application of Prolog},
  Year                     = {1995},

  Address                  = {Paris, France},
  Month                    = {April},
  Pages                    = {115-134},

  Language                 = {english},
  Owner                    = {qwad1000},
  Timestamp                = {2015.04.29}
}

@Conference{Coueasnon1994,
  Title                    = {Using grammars to segment and recognize music scores},
  Author                   = {B. Co\"{u}asnon and J. Camillerapp},
  Booktitle                = {International Association for Pattern Recognition Workshop on Document Analysis Systems},
  Year                     = {1994},

  Address                  = {Kaiserslautern, Germany},
  Month                    = {October},
  Pages                    = {15-27},

  Language                 = {english},
  Owner                    = {qwad1000},
  Timestamp                = {2015.04.29}
}

@Article{Dalitz2013,
  Title                    = {Fourier Descriptors for Broken Shapes},
  Author                   = {C. Dalitz and C. Brandt and S. Goebbels and D. Kolanus},
  Journal                  = {EURASIP Journal on Advances in Signal Processing},
  Year                     = {2013},
  Volume                   = {161},

  Doi                      = {10.1186/1687-6180-2013-161},
  Language                 = {english},
  Owner                    = {qwad1000},
  Timestamp                = {2015.05.27},
  Url                      = {http://asp.eurasipjournals.com/content/2013/1/161}
}

@Conference{Droettboom2003,
  Title                    = {Correcting broken characters in the recognition of historical printed documents},
  Author                   = {Michael Droettboom},
  Booktitle                = {Joint Conference on Digital Libraries (JCDL'03)},
  Year                     = {2003},
  Pages                    = {364-366},

  Owner                    = {qwad1000},
  Timestamp                = {2015.05.21}
}

@PhdThesis{Fujinag1997,
  Title                    = {Adaptive Optical Music Recognition,},
  Author                   = {Ichiro Fujinaga},
  School                   = {Faculty of Music, McGill University, Montreal, Canada},
  Year                     = {1997},

  Language                 = {english},
  Owner                    = {qwad1000},
  Timestamp                = {2015.04.29}
}

@MastersThesis{Fujinag1988,
  Title                    = {Optical Music Recognition Using Projections},
  Author                   = {Ichiro Fujinaga},
  School                   = {Department of Theory, Faculty of Music, McGill University, Montreal, Canada},
  Year                     = {1988},

  Language                 = {english},
  Owner                    = {qwad1000},
  Timestamp                = {2015.04.29}
}

@Book{George2005,
  Title                    = {Visual perception of music notation: on-line and off-line recognition},
  Author                   = {Susan Ella George},
  Publisher                = {IRM Press},
  Year                     = {2005},

  Language                 = {english},
  Owner                    = {qwad1000},
  Pages                    = {984},
  Timestamp                = {2015.04.29}
}

@Book{Gonzalez2002,
  Title                    = {Digital Image Processing},
  Author                   = {Rafael C. Gonzalez and Richard E. Woods},
  Publisher                = {Prentice Hall},
  Year                     = {2002},
  Edition                  = {2nd},

  ISBN                     = {978-0201180756},
  Language                 = {english},
  Owner                    = {qwad1000},
  Pages                    = {793},
  Timestamp                = {2015.05.27}
}

@Article{Kassler1972,
  Title                    = {Optical Character-Recognition of Printed Music: A Review of Two Dissertations},
  Author                   = {Michael Kassler},
  Journal                  = {Perspectives of New Music},
  Year                     = {1972},

  Month                    = {Autumn - Winter},
  Number                   = {1},
  Pages                    = {250-254},
  Volume                   = {11},

  Owner                    = {qwad1000},
  Timestamp                = {2015.05.24}
}

@Conference{P.Martin1991,
  Title                    = {Neural networks at different levels of musical score image analysis system},
  Author                   = {P. Martin and С. Bellissant},
  Booktitle                = {Proc. of First International Conf. on Document Analysis},
  Year                     = {1991},

  Address                  = {Saint-Malo, France},
  Pages                    = {417-425},

  Language                 = {english},
  Owner                    = {qwad1000},
  Timestamp                = {2015.04.29}
}

@Book{Lukyanytsa2009,
  Title                    = {Цифровая обработка видеоизображений},
  Author                   = {А.А.Лукьяница and А.Г.Шшкин},
  Editor                   = {Поздняков С.А},
  Publisher                = {М.; "Ай-Эс-Эс Пресс"},
  Year                     = {2009},

  Language                 = {russian},
  Owner                    = {qwad1000},
  Pages                    = {764},
  Timestamp                = {2015.04.29}
}

@Article{I.A.Zhukov2009,
  Title                    = {Динамічна просторово-логічна кластеризація нейронної мережі.},
  Author                   = {І. А. Жуков and Г. М. Кременецький.},
  Journal                  = {Інформаційні технології та комп’ютерна інженерія},
  Year                     = {2009},
  Pages                    = {39-43},
  Volume                   = {1(14)},

  Language                 = {ukrainian},
  Owner                    = {qwad1000},
  Timestamp                = {2015.04.29}
}

@Standard{DangFactorsGOST,
  Title                    = {Опасные и вредные производственные факторы. Классификация. ГОСТ 12.0.003-74},
  Language                 = {russian},
  Url                      = {http://www.ohranatruda.ru/ot_biblio/normativ/data_normativ/4/4650/index.php},

  Owner                    = {qwad1000},
  Timestamp                = {2015.05.22}
}

@Standard{DBNB,
  Title                    = {ДБН В.2.5-28-2006, “Природне і штучне освітлення”},
  Language                 = {ukrainian},
  Url                      = {http://www.dnaop.com/html/2032_2.html},

  Owner                    = {qwad1000},
  Timestamp                = {2015.05.18}
}

@Standard{DNAOP95,
  Title                    = {ДНАОП 0.01-1.01-95, “Правила пожежної безпеки в Україні”},
  Language                 = {ukrainian},
  Url                      = {http://document.ua/pravila-pozhezhnoyi-bezpeki-v-ukrayini-nor1955.html},

  Owner                    = {qwad1000},
  Timestamp                = {2015.05.18}
}

@Standard{DSN037noise,
  Title                    = {ДСН 3.3.6.037-99, “Санітарні норми виробничого шуму, ультразвуку та інфразвуку”},
  Language                 = {ukrainian},
  Url                      = {http://mozdocs.kiev.ua/view.php?id=1789},

  Owner                    = {qwad1000},
  Timestamp                = {2015.05.18}
}

@Standard{DSN042,
  Title                    = {ДСН 3.3.6.042-99, “Санітарні норми мікроклімату виробничих приміщень”},
  Language                 = {ukrainian},
  Url                      = {http://mozdocs.kiev.ua/view.php?id=1972},

  Owner                    = {qwad1000},
  Timestamp                = {2015.05.18}
}

@Standard{NABP001,
  Title                    = {НАПБ Б.03.001-2004, “Типові норми належності вогнегасників”},
  Language                 = {ukrainian},
  Url                      = {http://zakon2.rada.gov.ua/laws/show/z0554-04},

  Owner                    = {qwad1000},
  Timestamp                = {2015.05.18}
}

@Standard{NPAOP,
  Title                    = {НПАОП 0.00-1.28-10, "Правила охорони праці під час експлуатації електронно-обчислювальних машин"},
  Language                 = {ukrainian},
  Url                      = {http://sop.zp.ua/norm_npaop_0_00-1_28-10_04_ua.php},

  Owner                    = {qwad1000},
  Timestamp                = {2015.05.18}
}

@Standard{ONTPUSSR,
  Title                    = {ОНТП 24-86/МВД СССР, "Определение категорий помещений и зданий по взрывопожарной и пожарной опасности"},
  Language                 = {ukrainian},
  Url                      = {http://www.dnaop.com/html/2590/doc-\%D0\%9E\%D0\%9D\%D0\%A2\%D0\%9F_24-86},

  Owner                    = {qwad1000},
  Timestamp                = {2015.05.18}
}

